@inproceedings{estrada,
  author={Estrada-Galiñanes, Vero and Pâris, Jehan-François and Felber, Pascal},
  booktitle={2016 IEEE 35th International Performance Computing and Communications Conference (IPCCC)}, 
  title={Simple data entanglement layouts with high reliability}, 
  year={2016},
  volume={},
  number={},
  pages={1-8},
  doi={10.1109/PCCC.2016.7820651}
}

@article{elia,
    author = {Elia Anzuoni},
    title = {Hidden Filesystem Design and Improvement},
    journal = {https://infoscience.epfl.ch/record/297353},
    year = {2022}
}

@misc{shufflecake-code,
    key = {Shufflecake repository},
    note = {Shufflecake repository: https://codeberg.org/shufflecake}
}

@article{kilian,
    author = {Kilian d'Eternod},
    title =  {Data corruption in plausibly deniable storage: challenges and potential solutions},
    journal = {https://infoscience.epfl.ch/record/304411},
    year = {2023}
}

@book{ldd3,
  author    = {Jonathan Corbet and Alessandro Rubini and Greg Kroah-Hartman},
  title     = {Linux Device Drivers},
  edition   = {3rd},
  publisher = {O'Reilly Media},
  year      = {2005},
  isbn      = {978-0596005900},
  url       = {https://www.oreilly.com/library/view/linux-device-drivers/0596005903/}
}

@book{love2010linux,
  author    = {Robert Love},
  title     = {Linux Kernel Development},
  edition   = {3rd},
  publisher = {Addison-Wesley},
  year      = {2010},
  isbn      = {978-0-672-32946-3},
  url       = {https://www.oreilly.com/library/view/linux-kernel-development/9780768696974/}
}

@online{mdadm_man,
  title = {mdadm(8) - Linux man page},
  url = {https://linux.die.net/man/8/mdadm},
  urldate = {2024-01-04}
}

@online{time_man,
  title = {time(1) - Linux man page},
  url = {https://linux.die.net/man/1/time},
  urldate = {2024-01-04}
}

@online{dd_man,
  title = {dd(1) - Linux man page},
  url = {https://linux.die.net/man/1/dd},
  urldate = {2024-01-04}
}

@online{mkfs.ext4_man,
  title = {mkfs.ext4(8) - Linux man page},
  url = {https://linux.die.net/man/8/mkfs.ext4},
  urldate = {2024-01-04}
}

@online{mount_man,
  title = {mount(8) - Linux man page},
  url = {https://linux.die.net/man/8/mount},
  urldate = {2024-01-04}
}

